@book{atzeni:basi-di-dati,
    author  = {Paolo Atzeni, Stefano Ceri, Stefano Paraboschi and Riccardo Torlone},
    title   = {Basi di Dati},
    publisher = {McGraw Hill},
    year    = {2014}
}

@book{gang:design-patterns,
    author  = {Erich Gamma, Ralph Johnson, Richard Helm and John Vlissides},
    title   = {Design Patterns},
    publisher = {Addison-Wesley},
    year    = {1994}
}

@book{sommerville:swe,
    author  = {Ian Sommerville},
    title   = {Software Engineering (9th Edition)},
    publisher = {Addison-Wesley},
    year    = {1982}
}

@online{site:laravel-doc,
    title   = {Laravel Documentation},
    url     = {https://laravel.com/docs/}
}

@online{site:phpunit-doc,
    title   = {PHPUnit Documentation},
    url     = {https://phpunit.de/}
}
